<record><leader>00000cas a22000007a 4500</leader><controlfield tag="001">10293627</controlfield><controlfield tag="008">840112d18061808njuwr ne      0    0eng d</controlfield><datafield ind1=" " ind2=" " tag="010"><subfield code="a">sn 84025703 </subfield></datafield><datafield ind1=" " ind2=" " tag="040"><subfield code="a">NPV</subfield><subfield code="b">eng</subfield><subfield code="c">NPV</subfield><subfield code="d">NPX</subfield><subfield code="d">NJW</subfield><subfield code="d">MGN</subfield><subfield code="d">OCLCG</subfield><subfield code="d">DLC</subfield><subfield code="d">OCLCQ</subfield><subfield code="d">OCLCF</subfield></datafield><datafield ind1="1" ind2=" " tag="029"><subfield code="a">AU@</subfield><subfield code="b">000025836966</subfield></datafield><datafield ind1=" " ind2=" " tag="042"><subfield code="a">msc</subfield></datafield><datafield ind1=" " ind2=" " tag="043"><subfield code="a">n-us-nj</subfield></datafield><datafield ind1=" " ind2=" " tag="045"><subfield code="a">w0w0</subfield></datafield><datafield ind1=" " ind2=" " tag="052"><subfield code="a">3813</subfield><subfield code="b">M7</subfield></datafield><datafield ind1="0" ind2="4" tag="245"><subfield code="a">The Genius of liberty and Morris advertiser.</subfield></datafield><datafield ind1=" " ind2=" " tag="260"><subfield code="a">Morris-Town, N.J. :</subfield><subfield code="b">Henry P. Russell</subfield></datafield><datafield ind1=" " ind2=" " tag="300"><subfield code="a">v.</subfield></datafield><datafield ind1=" " ind2=" " tag="310"><subfield code="a">Weekly</subfield></datafield><datafield ind1="1" ind2=" " tag="362"><subfield code="a">Began in 1806; ceased in 1808?</subfield></datafield><datafield ind1=" " ind2=" " tag="588"><subfield code="a">Description based on: Vol. 9, no. 439 (Oct. 16, 1806).</subfield></datafield><datafield ind1=" " ind2="0" tag="651"><subfield code="a">Morristown (N.J.)</subfield><subfield code="v">Newspapers.</subfield></datafield><datafield ind1=" " ind2="7" tag="655"><subfield code="a">Newspapers.</subfield><subfield code="2">fast</subfield><subfield code="0">(OCoLC)fst01423814</subfield></datafield><datafield ind1=" " ind2="7" tag="651"><subfield code="a">New Jersey</subfield><subfield code="z">Morristown.</subfield><subfield code="2">fast</subfield><subfield code="0">(OCoLC)fst01215238</subfield></datafield><datafield ind1="1" ind2=" " tag="700"><subfield code="a">Russell, Henry P.,</subfield><subfield code="d">1777?-1822.</subfield></datafield><datafield ind1=" " ind2=" " tag="752"><subfield code="a">United States</subfield><subfield code="b">New Jersey</subfield><subfield code="c">Morris</subfield><subfield code="d">Morristown.</subfield></datafield><datafield ind1="0" ind2="0" tag="780"><subfield code="t">Genius of liberty (Morristown, N.J. : 1798)</subfield><subfield code="w">(DLC)sn 84020464</subfield><subfield code="w">(OCoLC)10819541</subfield></datafield><datafield ind1="0" ind2="0" tag="785"><subfield code="t">Genius of liberty (Morristown, N.J. : 1808)</subfield><subfield code="w">(DLC)sn 84020465</subfield><subfield code="w">(OCoLC)10820379</subfield></datafield></record>